<?xml version="1.0" encoding="UTF-8"?>
<record xmlns="http://www.loc.gov/MARC21/slim">
   <leader>01457cam a22003492a 4500</leader>
   <controlfield tag="001">1560933</controlfield>
   <controlfield tag="008">      s1987    abc               0 eng d</controlfield>
   <datafield tag="035" ind1=" " ind2=" ">
      <subfield code="a">ocm66085926</subfield>
   </datafield>
   <datafield tag="040" ind1=" " ind2=" ">
      <subfield code="b">eng</subfield>
   </datafield>
   <datafield tag="090" ind1=" " ind2=" ">
      <subfield code="a">TD 890 R357 1987</subfield>
      <subfield code="b">AEEN</subfield>
   </datafield>
   <datafield tag="090" ind1="0" ind2=" ">
      <subfield code="a">TD 171.5 C2 A34 no.0106</subfield>
   </datafield>
   <datafield tag="100" ind1="1" ind2=" ">
      <subfield code="a">Reid, Neville W.</subfield>
   </datafield>
   <datafield tag="240" ind1="1" ind2="0">
      <subfield code="a">Selection and application of an urban air quality model for Alberta /</subfield>
   </datafield>
   <datafield tag="245" ind1="1" ind2="0">
      <subfield code="a">Selection and application of an urban air quality model for Alberta</subfield>
      <subfield code="c">by N.W. Reid, D.R. Rooney, Concord Scientific Corporation</subfield>
   </datafield>
   <datafield tag="260" ind1=" " ind2=" ">
      <subfield code="a">Edmonton, Alta. :</subfield>
      <subfield code="b">Research Management Division, Alberta Environment,</subfield>
      <subfield code="c">1987</subfield>
   </datafield>
   <datafield tag="300" ind1=" " ind2=" ">
      <subfield code="a">xvi, 109 p. :</subfield>
      <subfield code="b">ill</subfield>
   </datafield>
   <datafield tag="336" ind1=" " ind2=" ">
      <subfield code="a">text</subfield>
      <subfield code="b">txt</subfield>
      <subfield code="2">rdacontent</subfield>
   </datafield>
   <datafield tag="337" ind1=" " ind2=" ">
      <subfield code="a">unmediated</subfield>
      <subfield code="b">n</subfield>
      <subfield code="2">rdamedia</subfield>
   </datafield>
   <datafield tag="338" ind1=" " ind2=" ">
      <subfield code="a">volume</subfield>
      <subfield code="b">nc</subfield>
      <subfield code="2">rdacarrier</subfield>
   </datafield>
   <datafield tag="490" ind1="1" ind2=" ">
      <subfield code="a">Alberta. Dept. of the Environment. Research Management Division. RMD report ;</subfield>
      <subfield code="v">L-106</subfield>
   </datafield>
   <datafield tag="500" ind1=" " ind2=" ">
      <subfield code="a">Prepared for Research Management Division, Alberta Environment. -- Bibliography: p. 100-109</subfield>
   </datafield>
   <datafield tag="596" ind1=" " ind2=" ">
      <subfield code="a">2 48</subfield>
   </datafield>
   <datafield tag="650" ind1=" " ind2="0">
      <subfield code="a">Urbanization</subfield>
      <subfield code="x">Environmental aspects</subfield>
      <subfield code="z">Alberta.</subfield>
   </datafield>
   <datafield tag="650" ind1=" " ind2="0">
      <subfield code="a">Air quality</subfield>
      <subfield code="x">Measurement.</subfield>
   </datafield>
   <datafield tag="650" ind1=" " ind2="0">
      <subfield code="a">Air quality</subfield>
      <subfield code="z">Alberta.</subfield>
   </datafield>
   <datafield tag="650" ind1=" " ind2="0">
      <subfield code="a">Air quality</subfield>
      <subfield code="x">Simulation methods.</subfield>
   </datafield>
   <datafield tag="700" ind1="1" ind2=" ">
      <subfield code="a">Rooney, D. R.</subfield>
   </datafield>
   <datafield tag="710" ind1="1" ind2=" ">
      <subfield code="a">Alberta.</subfield>
      <subfield code="b">Alberta Environment.</subfield>
      <subfield code="b">Research Management Division.</subfield>
   </datafield>
   <datafield tag="710" ind1="2" ind2=" ">
      <subfield code="a">Concord Scientific Corporation.</subfield>
   </datafield>
   <datafield tag="830" ind1=" " ind2="0">
      <subfield code="a">RMD report L ;</subfield>
      <subfield code="v">106.</subfield>
   </datafield>
   <datafield tag="926" ind1=" " ind2=" ">
      <subfield code="a">AGL_CAP</subfield>
      <subfield code="b">ON_SHELF</subfield>
      <subfield code="c">TD 890 R357 1987</subfield>
      <subfield code="d">BOOK</subfield>
      <subfield code="f">1</subfield>
   </datafield>
   <datafield tag="926" ind1=" " ind2=" ">
      <subfield code="a">AGL_CAP</subfield>
      <subfield code="b">ARCHIVES</subfield>
      <subfield code="c">TD 890 R357 1987</subfield>
      <subfield code="d">NO_LOAN</subfield>
      <subfield code="f">2</subfield>
   </datafield>
   <datafield tag="926" ind1=" " ind2=" ">
      <subfield code="a">UASCITECH</subfield>
      <subfield code="b">ON_SHELF</subfield>
      <subfield code="c">TD 171.5 C2 A34 no.0106</subfield>
      <subfield code="d">BOOK</subfield>
      <subfield code="f">1</subfield>
   </datafield>
</record>
